@misc{gegl,
  author     = {Calvin Williamson},
  title      = {GEGL},                 
  note = {http://www.gegl.org}
}

@misc{codegen,
  author     = {Caroline Dahll\"{o}f},
  title      = {GEGL},                 
  note = {http://www.gegl.org/codegen.html}
}


